@INPROCEEDINGS{UnderactuationReductionInActuactors, 
author={Yuwang Liu and Hongguang Wang and Bin Li and Weijia Zhou}, 
booktitle={2008 IEEE International Conference on Robotics and Biomimetics}, 
title={The underactuation and motion-coupling in robotic fingers and two new 1-DOF motion-coupling anthropomorphic fingers}, 
year={2009}, 
volume={}, 
number={}, 
pages={1573-1578}, 
keywords={actuators;dexterous manipulators;robotic fingers;motion-coupling anthropomorphic fingers;multiflngered hands;motion-coupling underactuation;3D-CAD model;anthropomorphic hand;Fingers;Robots;Anthropomorphism;Actuators;Motion analysis;Couplings;Orbital robotics;Hardware;Prosthetics;Application software;robotic finger;underactuation;motion-coupling;anthropomorphic}, 
doi={10.1109/ROBIO.2009.4913235}, 
ISSN={}, 
month={Feb},}